<?xml version="1.0" encoding="UTF-8"?><collection><record><leader>08328ntm a2200793 a 4500</leader><controlfield tag="001">006775991</controlfield><controlfield tag="003">MiAaHDL</controlfield><controlfield tag="005">20190719000000.0</controlfield><controlfield tag="006">m        d        </controlfield><controlfield tag="007">cr bn ---auaua</controlfield><controlfield tag="008">090507m15871592xx            00| ||ara d</controlfield><datafield tag="035" ind1=" " ind2=" "><subfield code="a">(MiU)006775991</subfield></datafield><datafield tag="035" ind1=" " ind2=" "><subfield code="a">sdr-miu006775991</subfield></datafield><datafield tag="040" ind1=" " ind2=" "><subfield code="a">MiU</subfield><subfield code="c">MiU</subfield><subfield code="e">amremm</subfield></datafield><datafield tag="043" ind1=" " ind2=" "><subfield code="a">n-us-mi</subfield></datafield><datafield tag="245" ind1="0" ind2="0"><subfield code="6">880-01</subfield><subfield code="a">[Majmūʻat rasāʼil,</subfield><subfield code="f">995 to 1000, i.e. 1587 to 1592].</subfield></datafield><datafield tag="260" ind1=" " ind2=" "><subfield code="c">[1587-1592]</subfield></datafield><datafield tag="300" ind1=" " ind2=" "><subfield code="a">103 leaves :</subfield><subfield code="b">paper ;</subfield><subfield code="c">226 x 145 (145-166 x 75-91) mm bound to 226 x 150 mm.</subfield></datafield><datafield tag="500" ind1=" " ind2=" "><subfield code="a">Shelfmark: Ann Arbor, University of Michigan, Special Collections Library, Isl. Ms. 152</subfield></datafield><datafield tag="500" ind1=" " ind2=" "><subfield code="a">Origin: Only a few texts are dated, ranging from 8th of Rajab 995 / ca. 14 June 1587 [1-4?] to Dhū al-Qaʻdah 1000 / Aug. 1592 [5]. Paper suggests similar dating for transcription of final works.</subfield></datafield><datafield tag="500" ind1=" " ind2=" "><subfield code="a">Former shelfmark: British Museum, London "No. 44 Tracts on Traditions, etc."</subfield></datafield><datafield tag="500" ind1=" " ind2=" "><subfield code="a">Binding: Composite cover with upper and lower boards mismatched; pasteboards covered in light brown (upper cover) and dark red-brown leathers (lower cover and envelope flap, likely replacements) with still another light brown leather over spine, fore edge flap and board edges of lower cover (perhaps to conceal a trim to fit this text block) as well as used for hinges ; Type II binding (with flap); board lining of upper cover in now pale blue laid paper, board lining of lower cover (and interior of envelope flap) in marbled paper (mainly in pink and blue); upper cover carries lovely blind-stamped mandorla (NSv 1 Déroche class.) and tooled border with simple cornerpieces; lower cover carries smaller blind-stamped mandorla (OSh 3 Déroche class.) and pendants (repeated on envelope flap); fore-edge flap carries label "بركوى مرحومك حديث اربعين ..." ; very tightly bound with sewing difficult to examine; worked chevron endbands in dark gray [or brown] and yellow, quite good condition; overall in fair condition with much abrasion to upper cover, apparent loss of lower cover though now replaced (lower cover and flap likely recycled cover), repairs at edges of lower cover (perhaps following trimming), etc.</subfield></datafield><datafield tag="500" ind1=" " ind2=" "><subfield code="a">Support: European laid paper of two main types; opening type (through p.60) with 11 laid lines per cm. (vertical), chain lines spaced 27-28 mm. apart (horizontal), watermark of figure / angel in circle with four-lobed leaf above (see p.12, 14, 44, etc.) and countermark of "G Z" (resembling "G 3") under three-lobed leaf (see p.16, etc.); second type (from p.61 nearly to close) with roughly 7 laid lines per cm. (vertical), chain lines spaced 28-30 mm. apart (horizontal), watermark of anchor in circle with six-pointed star above (see p.70, 72, etc.) and countermark of "H S" under trefoil (see p.64, 80, etc.), compare nos. 1758-1785 (dated 1563-1585) in Mošin, Anchor watermarks; all quite sturdy, cream in color, second type slightly thicker and very well-burnished.</subfield></datafield><datafield tag="500" ind1=" " ind2=" "><subfield code="a">Decoration: First text has gold rule borders, also section dividers and overlines rubricated.</subfield></datafield><datafield tag="500" ind1=" " ind2=" "><subfield code="a">Script: Naskh and nastaʻlīq (talik); variety of hands; some vocalization.</subfield></datafield><datafield tag="500" ind1=" " ind2=" "><subfield code="a">Layout: Varies from text to text; from 18-25 lines per page; frame-ruled (impression of misṭarah is most evident).</subfield></datafield><datafield tag="500" ind1=" " ind2=" "><subfield code="a">Collation: i, V+1 (11), 2 V (31), IV+1 (40), 4 V (80), IV+1 (89), IV (97), II+2 (103); catchwords present; middle of the quire mark in the form of the khamsah al-ghubārīyah (resembling the Hindu-Arabic numeral ٦) in the upper corner of the right-hand leaf (occasionally also the left-hand) beginning with fol. 6b; pagination in pencil, Western numerals, supplied during cataloguing.</subfield></datafield><datafield tag="500" ind1=" " ind2=" "><subfield code="a">Colophon: [1-4?] "...في يوم السبت شهر رجب المجرب في 8 سنة خمس وتسعين وتسعمائة 995" [5] fol. 28a "حرر في اواسط ذي القعدة الشريفة سنة ألف"; [15] fol. 93a "تم...سنة ٩٧٤ [19] fol. 100b "تم بعون الله تع وتوفيقه لابن كمال باشا..."</subfield></datafield><datafield tag="500" ind1=" " ind2=" "><subfield code="a">Incipit: "مسئلة فانه قيل ما الفريضة قبل الفريضة وما الفريضة في الفريضة وما الفريضة بعد الفريضة الجواب..."</subfield></datafield><datafield tag="500" ind1=" " ind2=" "><subfield code="a">Title supplied by cataloguer.</subfield></datafield><datafield tag="500" ind1=" " ind2=" "><subfield code="a">Ms. codex.</subfield></datafield><datafield tag="505" ind1="0" ind2=" "><subfield code="a">21. fol. 103 : [quotations, notes on hadīth, prayer, etc.].</subfield></datafield><datafield tag="505" ind1="0" ind2=" "><subfield code="a">20. fol. 101a-102b : [on hadīth, ʻAshūrāʼ, prayers, etc.].</subfield></datafield><datafield tag="505" ind1="0" ind2=" "><subfield code="a">19. fol. 95b-100b : [more on hadīth, prayers; excerpts from Ṭabaqāt al-fuqahāʼ / Kemalpaşazade].</subfield></datafield><datafield tag="505" ind1="0" ind2=" "><subfield code="a">18. fol. 94b-95a : [blank].</subfield></datafield><datafield tag="505" ind1="0" ind2=" "><subfield code="a">17. fol. 94a : [on hadīth, with quotations, notes].</subfield></datafield><datafield tag="505" ind1="0" ind2=" "><subfield code="a">16. fol. 93b : [blank].</subfield></datafield><datafield tag="505" ind1="0" ind2=" "><subfield code="a">15. fol. 81a-93a : Muʻaddil al-ṣalāh / Birgivî Mehmet Efendi (al-Birkawī).</subfield></datafield><datafield tag="505" ind1="0" ind2=" "><subfield code="a">14. fol. 80b : [quotations, notes].</subfield></datafield><datafield tag="505" ind1="0" ind2=" "><subfield code="a">13. fol. 80a : [masʼalah, with notes].</subfield></datafield><datafield tag="505" ind1="0" ind2=" "><subfield code="a">12. fol. 79b : [blank].</subfield></datafield><datafield tag="505" ind1="0" ind2=" "><subfield code="a">11. fol. 79a : [genealogy chart for the Prophet].</subfield></datafield><datafield tag="505" ind1="0" ind2=" "><subfield code="a">10. fol. 77b-78b : [on ḥadīth, in yet another hand].</subfield></datafield><datafield tag="505" ind1="0" ind2=" "><subfield code="a">9. fol. 76b-77a : [on ḥadīth, in a different hand].</subfield></datafield><datafield tag="505" ind1="0" ind2=" "><subfield code="a">8. fol. 74b-76a : [opens "بسم الله... الحمد لله...انما الاعمال بالنيات"].</subfield></datafield><datafield tag="505" ind1="0" ind2=" "><subfield code="a">7. fol. 31a-74a : Sharḥ ḥadīth arbaʻīn li-Birkawī Afandī bi-khaṭṭ al-sharīf [opens "الحمد لله الذي ارسل رسوله بالهدى ودين الحق ليظهر..."] / Birgivî Mehmet Efendi (al-Birkawī) [?].</subfield></datafield><datafield tag="505" ind1="0" ind2=" "><subfield code="a">6. fol. 28b-30b : [blank].</subfield></datafield><datafield tag="505" ind1="0" ind2=" "><subfield code="a">5. fol. 20b-28a : Kitāb Mubārak fīhi waṣīyat al-Nabī ṣallá Allahu ʻalayhi wa-sallama li-Abī Hurayrah raḍiya Allahu ʻanhu.</subfield></datafield><datafield tag="505" ind1="0" ind2=" "><subfield code="a">4. fol. 8b-20a : [selection of ḥadīth].</subfield></datafield><datafield tag="505" ind1="0" ind2=" "><subfield code="a">3. fol. 8a : [blank].</subfield></datafield><datafield tag="505" ind1="0" ind2=" "><subfield code="a">2. fol. 5b-7b : Kitāb Jawhar farāʼiḍ.</subfield></datafield><datafield tag="505" ind1="0" ind2=" "><subfield code="a">1. fol. 2b-5a : [Excerpts from al-Muḥīṭ al-burhānī / al-Marghīnānī].</subfield></datafield><datafield tag="510" ind1="4" ind2=" "><subfield code="a">Mošin, Vladimir. Anchor watermarks. Amsterdam: Paper Publications Society (Labarre Foundation), 1973.</subfield></datafield><datafield tag="520" ind1="8" ind2=" "><subfield code="a">A collection (majmūʻah / mecmua) of treatises on ḥadīth, prayer, and other subjects.</subfield></datafield><datafield tag="538" ind1=" " ind2=" "><subfield code="a">Mode of access: Internet.</subfield></datafield><datafield tag="541" ind1=" " ind2=" "><subfield code="c">Purchase ;</subfield><subfield code="a">Acquired by purchase along with Abdul Hamid Collection (funds donated by Horace Rackham).</subfield><subfield code="d">1924.</subfield></datafield><datafield tag="546" ind1=" " ind2=" "><subfield code="a">Arabic.</subfield></datafield><datafield tag="561" ind1=" " ind2=" "><subfield code="a">Bookplate of British Museum, London on inner front cover, "No. 44 Tracts on Traditions, etc."; circular seal impression with figure of goat/gazelle in purple ink as well as inscription "371" in Western numerals on recto of front flyleaf; many reading notes; on paper pasted on fol.2a, a detailed waqf statement in the name of al-Sayyid ʻAbd Allāh Adīb (Abdullah Edip), known as Jannatʹzādah (Cennet-zade), qāḍī of Erzurum, accompanied by his seal, reads: "وقفت وقفا صحيحا شرعيا بشرط أن لا يخرج من بيت الكتب الملتصق بداري الا لعلماء سكنوا بأرضروم بكفيل مرعى أورهن قوى و أنا الفقير اليه عز شانه السيد عبدالله أديب الشهير بجنتزاده القاضي بمدينة أرضروم في سنة اثنى وستين ومأتين وألف"</subfield></datafield><datafield tag="650" ind1=" " ind2="0"><subfield code="a">Manuscripts, Arabic</subfield><subfield code="z">Michigan</subfield><subfield code="z">Ann Arbor.</subfield></datafield><datafield tag="650" ind1=" " ind2="0"><subfield code="a">Islam</subfield><subfield code="v">Prayers and devotions</subfield><subfield code="v">Early works to 1800.</subfield></datafield><datafield tag="650" ind1=" " ind2="0"><subfield code="a">Hadith</subfield><subfield code="v">Commentaries</subfield><subfield code="v">Early works to 1800</subfield><subfield code="v">Commentaries.</subfield></datafield><datafield tag="700" ind1="0" ind2=" "><subfield code="6">880-06</subfield><subfield code="a">Kemalpaşazade,</subfield><subfield code="d">1468 or 1469-1534.</subfield><subfield code="t">Ṭabaqāt al-fuqahāʼ.</subfield><subfield code="k">Selections.</subfield></datafield><datafield tag="700" ind1="0" ind2=" "><subfield code="6">880-05</subfield><subfield code="a">Birgivî Mehmet Efendi,</subfield><subfield code="d">approximately 1522-1573.</subfield><subfield code="t">Muʻaddil al-ṣalāh.</subfield></datafield><datafield tag="700" ind1="1" ind2=" "><subfield code="6">880-04</subfield><subfield code="a">Marghīnānī, Maḥmūd ibn Aḥmad,</subfield><subfield code="d">1156 or 1157-1219 or 1220.</subfield><subfield code="t">Muḥīṭ al-burhānī.</subfield><subfield code="k">Selections.</subfield></datafield><datafield tag="773" ind1="0" ind2=" "><subfield code="a">Tiflis Collection.</subfield></datafield><datafield tag="880" ind1="0" ind2=" "><subfield code="6">700-06/</subfield><subfield code="a">ابن كمال باشا.</subfield><subfield code="t">طبقات الفقهاء.</subfield><subfield code="k">مختارات.</subfield></datafield><datafield tag="880" ind1="0" ind2=" "><subfield code="6">700-05/</subfield><subfield code="a">بركوي محمد افندي.</subfield><subfield code="t">معدل الصلاة.</subfield></datafield><datafield tag="880" ind1="1" ind2=" "><subfield code="6">700-04/</subfield><subfield code="a">مرغيناني, محمود بن احمد.</subfield><subfield code="t">محيط البرهاني.</subfield><subfield code="k">مختارات.</subfield></datafield><datafield tag="880" ind1="0" ind2="0"><subfield code="6">245-01/</subfield><subfield code="a">[مجموعة رسائل,</subfield><subfield code="f">995ه إلى 1000ه, 1587م إلى 1592م].</subfield></datafield><datafield tag="CID" ind1=" " ind2=" "><subfield code="a">006775991</subfield></datafield><datafield tag="DAT" ind1="0" ind2=" "><subfield code="a">20190719102635.0</subfield><subfield code="b">20190719000000.0</subfield></datafield><datafield tag="DAT" ind1="1" ind2=" "><subfield code="a">20190719090653.0</subfield><subfield code="b">2019-07-19T16:11:21Z</subfield></datafield><datafield tag="DAT" ind1="2" ind2=" "><subfield code="a">2015-10-10T18:00:06Z</subfield></datafield><datafield tag="CAT" ind1=" " ind2=" "><subfield code="a">SDR-MIU</subfield><subfield code="d">EX LIBRIS - ALEPH</subfield><subfield code="l">prepare.pl-004-008</subfield></datafield><datafield tag="FMT" ind1=" " ind2=" "><subfield code="a">BK</subfield></datafield><datafield tag="HOL" ind1=" " ind2=" "><subfield code="0">sdr-miu006775991</subfield><subfield code="a">MiU</subfield><subfield code="b">SDR</subfield><subfield code="c">MIU</subfield><subfield code="p">mdp.39015079125897</subfield><subfield code="s">MIU</subfield><subfield code="1">006775991</subfield></datafield><datafield tag="974" ind1=" " ind2=" "><subfield code="b">MIU</subfield><subfield code="c">MIU</subfield><subfield code="d">20190719</subfield><subfield code="s">lit-dlps-dc</subfield><subfield code="u">mdp.39015079125897</subfield><subfield code="y">1592</subfield><subfield code="r">pd</subfield><subfield code="q">bib</subfield><subfield code="t">non-US bib date2, date type m &lt; 1896</subfield></datafield></record></collection>